
@inproceedings{abadi2016tensorflow,
  title={Tensorflow: a system for large-scale machine learning.},
  author={Abadi, Mart{\'\i}n and Barham, Paul and Chen, Jianmin and Chen, Zhifeng and Davis, Andy and Dean, Jeffrey and Devin, Matthieu and Ghemawat, Sanjay and Irving, Geoffrey and Isard, Michael and others},
  booktitle={OSDI},
  volume={16},
  pages={265--283},
  year={2016}
}

@inproceedings{Cao2015GraRep,
  title={GraRep: Learning Graph Representations with Global Structural Information},
  author={Cao, Shaosheng and Lu, Wei and Xu, Qiongkai},
  booktitle={CIKM},
  pages={891-900},
  year={2015},
}

@inproceedings{Cheng2018A,
  title={A3NCF: An Adaptive Aspect Attention Model for Rating Prediction},
  author={Cheng, Zhiyong and Ding, Ying and He, Xiangnan and Zhu, Lei and Song, Xuemeng and Kankanhalli, Mohan},
  booktitle={IJCAI},
  pages={3748-3754},
  year={2018},
}

@inproceedings{dai2016discriminative,
  title={Discriminative embeddings of latent variable models for structured data},
  author={Dai, Hanjun and Dai, Bo and Song, Le},
  booktitle={ICML},
  pages={2702--2711},
  year={2016}
}

@inproceedings{dong2017metapath2vec,
  title={metapath2vec: Scalable representation learning for heterogeneous networks},
  author={Dong, Yuxiao and Chawla, Nitesh V and Swami, Ananthram},
  booktitle={SIGKDD},
  pages={135--144},
  year={2017}
}

@inproceedings{Fu2017HIN2Vec,
  title={HIN2Vec: Explore Meta-paths in Heterogeneous Information Networks for Representation Learning},
  author={Fu, Tao Yang and Lee, Wang Chien and Lei, Zhen},
  booktitle={CIKM},
  pages={1797-1806},
  year={2017},
}

@article{friedman2001greedy,
  title={Greedy function approximation: a gradient boosting machine},
  author={Friedman, Jerome H},
  journal={Annals of statistics},
  pages={1189--1232},
  year={2001}
}

@inproceedings{glorot2010understanding,
  title={Understanding the difficulty of training deep feedforward neural networks},
  author={Glorot, Xavier and Bengio, Yoshua},
  booktitle={AISTATS},
  pages={249--256},
  year={2010}
}

@inproceedings{grover2016node2vec,
  title={node2vec: Scalable feature learning for networks},
  author={Grover, Aditya and Leskovec, Jure},
  booktitle={SIGKDD},
  pages={855--864},
  year={2016}
}

@inproceedings{han2018aspect,
  title={Aspect-Level Deep Collaborative Filtering via Heterogeneous Information Networks.},
  author={Han, Xiaotian and Shi, Chuan and Wang, Senzhang and Philip, S Yu and Song, Li},
  booktitle={IJCAI},
  pages={3393-3399},
  year={2018},
}

@inproceedings{he2017neural,
  title={Neural collaborative filtering},
  author={He, Xiangnan and Liao, Lizi and Zhang, Hanwang and Nie, Liqiang and Hu, Xia and Chua, Tat-Seng},
  booktitle={WWW},
  pages={173--182},
  year={2017}
}

@inproceedings{hu2018leveraging,
  title={Leveraging Meta-path based Context for Top-N Recommendation with A Neural Co-Attention Model},
  author={Hu, Binbin and Shi, Chuan and Zhao, Wayne Xin and Yu, Philip S},
  booktitle={SIGKDD},
  pages={1531--1540},
  year={2018}
}

@inproceedings{Ji2011Ranking,
  title={Ranking-based classification of heterogeneous information networks},
  author={Ji, Ming and Han, Jiawei and Danilevsky, Marina},
  booktitle={SIGKDD},
  pages={1298-1306},
  year={2011},
}

@inproceedings{Kipf2016Semi,
  title={Semi-Supervised Classification with Graph Convolutional Networks},
  author={Kipf, Thomas N and Welling, Max},
  booktitle={ICLR},
  year={2017},
}

@inproceedings{Li2017Semi,
  title={Semi-supervised Clustering in Attributed Heterogeneous Information Networks},
  author={Li, Xiang and Wu, Yao and Ester, Martin and Kao, Ben and Wang, Xin and Zheng, Yudian},
  booktitle={WWW},
  pages={1621-1629},
  year={2017},
}

@inproceedings{liang2018semi,
  title={Semi-supervised embedding in attributed networks with outliers},
  author={Liang, Jiongqian and Jacobs, Peter and Sun, Jiankai and Parthasarathy, Srinivasan},
  booktitle={SDM},
  pages={153--161},
  year={2018}
}

@article{liu2018geniepath,
  title={GeniePath: Graph Neural Networks with Adaptive Receptive Paths},
  author={Liu, Ziqi and Chen, Chaochao and Li, Longfei and Zhou, Jun and Li, Xiaolong and Song, Le},
  journal={arXiv preprint arXiv:1802.00910},
  year={2018}
}

@inproceedings{Perozzi2014DeepWalk,
  title={DeepWalk:online learning of social representations},
  author={Perozzi, Bryan and Al-Rfou, Rami and Skiena, Steven},
  booktitle={SIGKDD},
  pages={701-710},
  year={2014},
}

@inproceedings{qu2017attention,
  title={An Attention-based Collaboration Framework for Multi-View Network Representation Learning},
  author={Qu, Meng and Tang, Jian and Shang, Jingbo and Ren, Xiang and Zhang, Ming and Han, Jiawei},
  booktitle={CIKM},
  pages={1767--1776},
  year={2017}
}

@article{shi2018heterogeneous,
  title={Heterogeneous Information Network Embedding for Recommendation},
  author={Shi, Chuan and Hu, Binbin and Zhao, Xin and Yu, Philip},
  journal={IEEE Transactions on Knowledge and Data Engineering},
  year={2018},
  publisher={IEEE}
}

@article{shi2017survey,
  title={A survey of heterogeneous information network analysis},
  author={Shi, Chuan and Li, Yitong and Zhang, Jiawei and Sun, Yizhou and Philip, S Yu},
  journal={IEEE Transactions on Knowledge and Data Engineering},
  volume={29},
  number={1},
  pages={17--37},
  year={2017}
}

@article{sun2011pathsim,
  title={Pathsim: Meta path-based top-k similarity search in heterogeneous information networks},
  author={Sun, Yizhou and Han, Jiawei and Yan, Xifeng and Yu, Philip S and Wu, Tianyi},
  journal={Proceedings of the VLDB Endowment},
  volume={4},
  number={11},
  pages={992--1003},
  year={2011}
}

@inproceedings{Sun2012Integrating,
  title={Integrating meta-path selection with user-guided object clustering in heterogeneous information networks},
  author={Sun, Yizhou and Norick, Brandon and Han, Jiawei and Yan, Xifeng and Yu, Philip S. and Yu, Xiao},
  booktitle={SIGKDD},
  pages={1348-1356},
  year={2012},
}

@article{sun2012mining,
  title={Mining heterogeneous information networks: principles and methodologies},
  author={Sun, Yizhou and Han, Jiawei},
  journal={Synthesis Lectures on Data Mining and Knowledge Discovery},
  volume={3},
  number={2},
  pages={1--159},
  year={2012}
}

@inproceedings{Tang2015LINE,
  title={LINE:Large-scale Information Network Embedding},
  author={Tang, Jian and Qu, Meng and Wang, Mingzhe and Zhang, Ming and Yan, Jun and Mei, Qiaozhu},
  booktitle={WWW},
  pages={1067-1077},
  year={2015},
}

@article{tieleman2012lecture,
  title={Lecture 6.5-rmsprop: Divide the gradient by a running average of its recent magnitude},
  author={Tieleman, Tijmen and Hinton, Geoffrey},
  journal={COURSERA: Neural networks for machine learning},
  volume={4},
  number={2},
  pages={26--31},
  year={2012}
}

@inproceedings{wang2016structural,
  title={Structural deep network embedding},
  author={Wang, Daixin and Cui, Peng and Zhu, Wenwu},
  booktitle={SIGKDD},
  pages={1225--1234},
  year={2016}
}

@inproceedings{you2016image,
  title={Image captioning with semantic attention},
  author={You, Quanzeng and Jin, Hailin and Wang, Zhaowen and Fang, Chen and Luo, Jiebo},
  booktitle={CVPR},
  pages={4651--4659},
  year={2016}
}


@inproceedings{zhang2018anrl,
  title={ANRL: Attributed Network Representation Learning via Deep Neural Networks.},
  author={Zhang, Zhen and Yang, Hongxia and Bu, Jiajun and Zhou, Sheng and Yu, Pinggang and Zhang, Jianwei and Ester, Martin and Wang, Can},
  booktitle={IJCAI},
  pages={3155--3161},
  year={2018}
}

@inproceedings{zhao2017meta,
  title={Meta-graph based recommendation fusion over heterogeneous information networks},
  author={Zhao, Huan and Yao, Quanming and Li, Jianda and Song, Yangqiu and Lee, Dik Lun},
  booktitle={SIGKDD},
  pages={635--644},
  year={2017},
  organization={ACM}
}

@inproceedings{zhou2017psmart,
  title={PSMART: parameter server based multiple additive regression trees system},
  author={Zhou, Jun and Cui, Qing and Li, Xiaolong and Zhao, Peilin and Qu, Shenquan and Huang, Jun},
  booktitle={WWW},
  pages={879--880},
  year={2017}
}

@inproceedings{zhou2017kunpeng,
  title={Kunpeng: Parameter server based distributed learning systems and its applications in alibaba and ant financial},
  author={Zhou, Jun and Li, Xiaolong and Zhao, Peilin and Chen, Chaochao and Li, Longfei and Yang, Xinxing and Cui, Qing and Yu, Jin and Chen, Xu and Ding, Yi and others},
  booktitle={SIGKDD},
  pages={1693--1702},
  year={2017}
}
